<?xml version="1.0" encoding="UTF-8"?><collection xmlns="http://www.loc.gov/MARC21/slim"><record><leader>00470nam--2200181-i-4500</leader><controlfield tag="001">000035735</controlfield><controlfield tag="002">20161230</controlfield><controlfield tag="005">20161230201040</controlfield><controlfield tag="008">060222s1000------------r-----000-0-eng-d</controlfield><datafield ind1=" " ind2=" " tag="040"><subfield code="a">IFIN-HH</subfield></datafield><datafield ind1=" " ind2=" " tag="080"><subfield code="a">539.2</subfield></datafield><datafield ind1="1" ind2=" " tag="100"><subfield code="a">Wiberg, K.B</subfield></datafield><datafield ind1="1" ind2="0" tag="245"><subfield code="a">The interpretation of nmr spectra</subfield><subfield code="c">K.b. wiberg, b.j. nist</subfield></datafield><datafield ind1=" " ind2=" " tag="260"><subfield code="a">New York</subfield><subfield code="b">W.A.Benjamin, Inc</subfield><subfield code="c">1962</subfield></datafield><datafield ind1=" " ind2=" " tag="300"><subfield code="a">VII+593P</subfield></datafield><datafield ind1="1" ind2=" " tag="700"><subfield code="a">Nist, B.J</subfield></datafield><datafield ind1=" " ind2=" " tag="852"><subfield code="a">17938</subfield><subfield code="c">539.143.43</subfield></datafield><datafield ind1=" " ind2=" " tag="CAT"><subfield code="a">Sys</subfield><subfield code="c">20120419</subfield><subfield code="h">094428</subfield></datafield></record></collection>